@book{rawlinson1849memoir,
    title={\href{https://books.google.com/books?id=sK8IAAAAQAAJ}{Memoir on Cuneiform Inscription}},
    author={Rawlinson, H.},
    year={1849}
}

@Misc{adm,
    author       = {Wiktionary},
    title        = {\href{https://en.wiktionary.org/wiki/%F0%90%8E%A0%F0%90%8E%AD%F0%90%8E%B6}{\oldpersian adm}}
}

@Misc{darius,
    author       = {Wiktionary},
    title        = {\href{https://en.wiktionary.org/wiki/%F0%90%8E%AD%F0%90%8E%A0%F0%90%8E%BC%F0%90%8E%B9%F0%90%8E%BA%F0%90%8E%A2%F0%90%8F%81}{\oldpersian dalyvuS}}
}

@Misc{great,
    author       = {Wiktionary},
    title        = {\href{https://en.wiktionary.org/wiki/%F0%90%8E%BA%F0%90%8F%80%F0%90%8E%BC%F0%90%8E%A3}{\oldpersian vzrk}}
}

@Misc{alternativeKing,
    author       = {Wiktionary},
    title        = {\href{https://en.wiktionary.org/wiki/%F0%90%8E%A7%F0%90%8F%81%F0%90%8E%A0%F0%90%8E%B9%F0%90%8E%B0%F0%90%8E%A1%F0%90%8E%B9}{\oldpersian xsayoiy}}
}

@Misc{TypePersian,
    author       = {egreg},
    title        = {\href{https://tex.stackexchange.com/a/397087/277953}{How to typeset ancient Persian scripts in LaTeX}}
}

@Misc{OmniglotOldPersian,
    author       = {Omniglot},
    title        = {\href{https://www.omniglot.com/writing/opcuneiform.htm}{Old Persian Cuneiform}}
}

@Misc{BehistunT01,
    author       = {Livius},
    title        = {\href{https://www.livius.org/sources/content/behistun-persian-text/behistun-t-01/}{Column I, lines 1-8}}
}

@book{Skjærvø2002OldPersian,
    title={\href{https://theswissbay.ch/pdf/Books/Linguistics/Mega%20linguistics%20pack/Cuneiform/Old%20Persian%2C%20An%20Introduction%20to%20%28Skj%C3%A6rv%C3%B8%29.pdf}{An Introduction to Old Persian}},
    author={Prods Oktor Skjærvø},
    year={2002}
}
